<?xml version="1.0" encoding="UTF-8"?>
<record xmlns="http://www.loc.gov/MARC21/slim">
   <leader>01239cam a2200397 a 4500</leader>
   <controlfield tag="001">4303354</controlfield>
   <controlfield tag="003">LTSCA</controlfield>
   <controlfield tag="005">20090311141406.0</controlfield>
   <controlfield tag="008">090114s2008    abc          s000 0 eng  </controlfield>
   <datafield tag="016" ind1=" " ind2=" ">
      <subfield code="a">20098007076</subfield>
   </datafield>
   <datafield tag="020" ind1=" " ind2=" ">
      <subfield code="a">9780778574774</subfield>
   </datafield>
   <datafield tag="020" ind1=" " ind2=" ">
      <subfield code="a">0778574776</subfield>
   </datafield>
   <datafield tag="035" ind1=" " ind2=" ">
      <subfield code="a">ocn302059717</subfield>
   </datafield>
   <datafield tag="040" ind1=" " ind2=" ">
      <subfield code="a">NLC</subfield>
      <subfield code="b">eng</subfield>
      <subfield code="c">NLC</subfield>
      <subfield code="d">AEU</subfield>
   </datafield>
   <datafield tag="043" ind1=" " ind2=" ">
      <subfield code="a">n-cn-ab</subfield>
   </datafield>
   <datafield tag="049" ind1=" " ind2=" ">
      <subfield code="a">sUABA</subfield>
   </datafield>
   <datafield tag="050" ind1=" " ind2="4">
      <subfield code="a">HV1559.C2</subfield>
      <subfield code="b">P59 2008</subfield>
   </datafield>
   <datafield tag="055" ind1="0" ind2="6">
      <subfield code="a">COP.AL.2.2009-2</subfield>
   </datafield>
   <datafield tag="082" ind1="0" ind2=" ">
      <subfield code="a">362.4097123</subfield>
      <subfield code="2">22</subfield>
   </datafield>
   <datafield tag="090" ind1=" " ind2=" ">
      <subfield code="a">HV 1559 A4 P53 2008</subfield>
      <subfield code="b">AEHSD</subfield>
   </datafield>
   <datafield tag="090" ind1=" " ind2=" ">
      <subfield code="a">HV 1559 C2 P59 2008</subfield>
      <subfield code="b">AEU</subfield>
   </datafield>
   <datafield tag="240" ind1="0" ind2="0">
      <subfield code="a">Planning integrated supports and services for people with complex needs./ </subfield>
   </datafield>
   <datafield tag="245" ind1="0" ind2="0">
      <subfield code="a">Planning integrated supports and services for people with complex needs 2008</subfield>
   </datafield>
   <datafield tag="260" ind1=" " ind2=" ">
      <subfield code="a">Edmonton :</subfield>
      <subfield code="b">Govt. of Alberta,</subfield>
      <subfield code="c">[2008]</subfield>
   </datafield>
   <datafield tag="300" ind1=" " ind2=" ">
      <subfield code="a">54 p. ;</subfield>
      <subfield code="c">28 cm.</subfield>
   </datafield>
   <datafield tag="336" ind1=" " ind2=" ">
      <subfield code="a">text</subfield>
      <subfield code="b">txt</subfield>
      <subfield code="2">rdacontent</subfield>
   </datafield>
   <datafield tag="337" ind1=" " ind2=" ">
      <subfield code="a">unmediated</subfield>
      <subfield code="b">n</subfield>
      <subfield code="2">rdamedia</subfield>
   </datafield>
   <datafield tag="338" ind1=" " ind2=" ">
      <subfield code="a">volume</subfield>
      <subfield code="b">nc</subfield>
      <subfield code="2">rdacarrier</subfield>
   </datafield>
   <datafield tag="500" ind1=" " ind2=" ">
      <subfield code="a">Cover title.</subfield>
   </datafield>
   <datafield tag="596" ind1=" " ind2=" ">
      <subfield code="a">2 42</subfield>
   </datafield>
   <datafield tag="650" ind1=" " ind2="0">
      <subfield code="a">People with disabilities</subfield>
      <subfield code="x">Services for</subfield>
      <subfield code="z">Alberta.</subfield>
   </datafield>
   <datafield tag="710" ind1="1" ind2=" ">
      <subfield code="a">Alberta.</subfield>
   </datafield>
   <datafield tag="949" ind1=" " ind2=" ">
      <subfield code="a">HV 1559 C2 P59 2008</subfield>
      <subfield code="c">1</subfield>
      <subfield code="h">UAHL-B</subfield>
      <subfield code="i">0162027310729</subfield>
   </datafield>
   <datafield tag="994" ind1=" " ind2=" ">
      <subfield code="a">C0</subfield>
      <subfield code="b">UAB</subfield>
   </datafield>
   <datafield tag="926" ind1=" " ind2=" ">
      <subfield code="a">AGL_CAP</subfield>
      <subfield code="b">ON_SHELF</subfield>
      <subfield code="c">HV 1559 A4 P53 2008</subfield>
      <subfield code="d">BOOK</subfield>
      <subfield code="f">1</subfield>
   </datafield>
   <datafield tag="926" ind1=" " ind2=" ">
      <subfield code="a">AGL_CAP</subfield>
      <subfield code="b">ARCHIVES</subfield>
      <subfield code="c">HV 1559 A4 P53 2008</subfield>
      <subfield code="d">NO_LOAN</subfield>
      <subfield code="f">2</subfield>
   </datafield>
   <datafield tag="926" ind1=" " ind2=" ">
      <subfield code="a">UAHLTHSC</subfield>
      <subfield code="b">ON_SHELF</subfield>
      <subfield code="c">HV 1559 C2 P59 2008</subfield>
      <subfield code="d">BOOK</subfield>
      <subfield code="f">1</subfield>
   </datafield>
</record>
